%% bibliography %%

@Article{ramesh2022dalle,
  author       = "Aditya Ramesh and Prafulla Dhariwal and Alex Nichol
                 and Casey Chu and Mark Chen",
  title        = "Hierarchical Text-Conditional Image Generation with
                 {CLIP} Latents",
  journal      = "CoRR",
  volume       = "abs/2204.06125",
  year         = "2022",
  URL          = "https://doi.org/10.48550/arXiv.2204.06125",
  DOI          = "10.48550/arXiv.2204.06125",
  eprinttype   = "arXiv",
  eprint       = "2204.06125",
}

@InProceedings{henderson2018deep,
  author       = "Peter Henderson and Riashat Islam and Philip Bachman
                 and Joelle Pineau and Doina Precup and David Meger",
  editor       = "Sheila A. McIlraith and Kilian Q. Weinberger",
  title        = "Deep Reinforcement Learning That Matters",
  booktitle    = "Proceedings of the Thirty-Second {AAAI} Conference on
                 Artificial Intelligence, {(AAAI-18)}, New Orleans,
                 Louisiana, {USA}, February 2-7, 2018",
  pages        = "3207--3214",
  publisher    = "{AAAI} Press",
  year         = "2018",
}

@InProceedings{pilanci2020convex,
  author       = "Mert Pilanci and Tolga Ergen",
  title        = "Neural Networks are Convex Regularizers: Exact
                 Polynomial-time Convex Optimization Formulations for
                 Two-layer Networks",
  booktitle    = "Proceedings of the 37th International Conference on
                 Machine Learning, {ICML} 2020, 13-18 July 2020, Virtual
                 Event",
  series       = "Proceedings of Machine Learning Research",
  volume       = "119",
  pages        = "7695--7705",
  publisher    = "{PMLR}",
  year         = "2020",
}

@Article{fiat2019decoupling,
  title        = "Decoupling gating from linearity",
  author       = "Jonathan Fiat and Eran Malach and Shai
                 Shalev-Shwartz",
  journal      = "arXiv preprint arXiv:1906.05032",
  year         = "2019",
}

@Article{yuan2021florence,
  author       = "Lu Yuan and Dongdong Chen and Yi{-}Ling Chen and Noel
                 Codella and Xiyang Dai and Jianfeng Gao and Houdong Hu
                 and Xuedong Huang and Boxin Li and Chunyuan Li and Ce
                 Liu and Mengchen Liu and Zicheng Liu and Yumao Lu and
                 Yu Shi and Lijuan Wang and Jianfeng Wang and Bin Xiao
                 and Zhen Xiao and Jianwei Yang and Michael Zeng and
                 Luowei Zhou and Pengchuan Zhang",
  title        = "Florence: {A} New Foundation Model for Computer
                 Vision",
  journal      = "CoRR",
  volume       = "abs/2111.11432",
  year         = "2021",
}

@InProceedings{krizhevsky2012alexnet,
  author       = "Alex Krizhevsky and Ilya Sutskever and Geoffrey E.
                 Hinton",
  editor       = "Peter L. Bartlett and Fernando C. N. Pereira and
                 Christopher J. C. Burges and L{\'{e}}on Bottou and
                 Kilian Q. Weinberger",
  title        = "{ImageNet} Classification with Deep Convolutional
                 Neural Networks",
  booktitle    = "Advances in Neural Information Processing Systems 25:
                 26th Annual Conference on Neural Information Processing
                 Systems 2012. Proceedings of a meeting held December
                 3-6, 2012, Lake Tahoe, Nevada, United States",
  pages        = "1106--1114",
  year         = "2012",
}

@Article{winder1966partitions,
  title        = "Partitions of N-space by hyperplanes",
  author       = "Robert O Winder",
  journal      = "SIAM Journal on Applied Mathematics",
  volume       = "14",
  number       = "4",
  pages        = "811--818",
  year         = "1966",
  publisher    = "SIAM",
}

@InProceedings{ergen2021global,
  title        = "Global optimality beyond two layers: Training deep
                 relu networks via convex programs",
  author       = "Tolga Ergen and Mert Pilanci",
  booktitle    = "International Conference on Machine Learning",
  pages        = "2993--3003",
  year         = "2021",
  organization = "PMLR",
}

@Article{odonoghue2015restarts,
  title        = "Adaptive restart for accelerated gradient schemes",
  author       = "Brendan Oâ€™donoghue and Emmanuel Candes",
  journal      = "Foundations of computational mathematics",
  volume       = "15",
  pages        = "715--732",
  year         = "2015",
  publisher    = "Springer",
}

@Article{beck2009fast,
  title        = "A fast iterative shrinkage-thresholding algorithm for
                 linear inverse problems",
  author       = "Amir Beck and Marc Teboulle",
  journal      = "SIAM journal on imaging sciences",
  volume       = "2",
  number       = "1",
  pages        = "183--202",
  year         = "2009",
  publisher    = "SIAM",
}

@Article{bengio2005convex,
  title        = "Convex neural networks",
  author       = "Yoshua Bengio and Nicolas Roux and Pascal Vincent and
                 Olivier Delalleau and Patrice Marcotte",
  journal      = "Advances in neural information processing systems",
  volume       = "18",
  year         = "2005",
}

@Article{bach2017breaking,
  title        = "Breaking the curse of dimensionality with convex
                 neural networks",
  author       = "Francis Bach",
  journal      = "The Journal of Machine Learning Research",
  volume       = "18",
  number       = "1",
  pages        = "629--681",
  year         = "2017",
  publisher    = "JMLR. org",
}

@InProceedings{sahiner2021vector,
  author       = "Arda Sahiner and Tolga Ergen and John M. Pauly and
                 Mert Pilanci",
  title        = "Vector-output {ReLU} Neural Network Problems are
                 Copositive Programs: Convex Analysis of Two Layer
                 Networks and Polynomial-time Algorithms",
  booktitle    = "9th International Conference on Learning
                 Representations, {ICLR} 2021, Virtual Event, Austria,
                 May 3-7, 2021",
  publisher    = "OpenReview.net",
  year         = "2021",
}

@Article{rogosinski1958moments,
  title        = "Moments of non-negative mass",
  author       = "Werner Wolfgang Rogosinski",
  journal      = "Proceedings of the Royal Society of London. Series A.
                 Mathematical and Physical Sciences",
  volume       = "245",
  number       = "1240",
  pages        = "1--27",
  year         = "1958",
  publisher    = "The Royal Society London",
}

@Article{tibshirani2013unique,
  title        = "The lasso problem and uniqueness",
  author       = "Ryan J Tibshirani",
  journal      = "Electronic Journal of statistics",
  volume       = "7",
  pages        = "1456--1490",
  year         = "2013",
  publisher    = "Institute of Mathematical Statistics and Bernoulli
                 Society",
}

@Article{osborne2000new,
  title        = "A new approach to variable selection in least squares
                 problems",
  author       = "Michael R Osborne and Brett Presnell and Berwin A
                 Turlach",
  journal      = "IMA journal of numerical analysis",
  volume       = "20",
  number       = "3",
  pages        = "389--403",
  year         = "2000",
  publisher    = "Oxford University Press",
}

@Article{efron2004least,
  title        = "Least angle regression",
  author       = "Bradley Efron and Trevor Hastie and Iain Johnstone and
                 Robert Tibshirani",
  journal      = "The Annals of statistics",
  volume       = "32",
  number       = "2",
  pages        = "407--499",
  year         = "2004",
  publisher    = "Institute of Mathematical Statistics",
}
